<record><leader>00000cas a22000007a 4500</leader><controlfield tag="001">14708295</controlfield><controlfield tag="008">861113d19071964txuwr ne      0    0eng d</controlfield><datafield ind1=" " ind2=" " tag="010"><subfield code="a">sn 86090135 </subfield></datafield><datafield ind1=" " ind2=" " tag="040"><subfield code="a">PPM</subfield><subfield code="b">eng</subfield><subfield code="c">PPM</subfield><subfield code="d">OCLCQ</subfield></datafield><datafield ind1=" " ind2=" " tag="042"><subfield code="a">msc</subfield></datafield><datafield ind1="0" ind2="4" tag="245"><subfield code="a">The Kingsville record.</subfield></datafield><datafield ind1=" " ind2=" " tag="260"><subfield code="a">Kingsville, Tex. :</subfield><subfield code="b">R.G. Mecklin</subfield></datafield><datafield ind1=" " ind2=" " tag="300"><subfield code="a">v. :</subfield><subfield code="b">ill. ;</subfield><subfield code="c">56 cm.</subfield></datafield><datafield ind1=" " ind2=" " tag="310"><subfield code="a">Weekly</subfield></datafield><datafield ind1="1" ind2=" " tag="362"><subfield code="a">Began in 1907?</subfield></datafield><datafield ind1="0" ind2=" " tag="362"><subfield code="a">-58th yr., no. 17 (Nov. 18, 1964).</subfield></datafield><datafield ind1=" " ind2=" " tag="588"><subfield code="a">Description based on: Vol. 8, no. 1 (Sept. 25, 1914).</subfield></datafield><datafield ind1=" " ind2=" " tag="752"><subfield code="a">United States</subfield><subfield code="b">Texas</subfield><subfield code="c">Kleberg</subfield><subfield code="d">Kingsville.</subfield></datafield><datafield ind1="0" ind2=" " tag="775"><subfield code="t">Kingsville Sunday record</subfield><subfield code="w">(OCoLC)15102013</subfield><subfield code="g">Apr. 5-Nov. 22, 1964</subfield></datafield><datafield ind1="0" ind2="0" tag="780"><subfield code="t">Gulf Coast record</subfield><subfield code="w">(OCoLC)14366519</subfield></datafield><datafield ind1="0" ind2="7" tag="785"><subfield code="t">Bishop news</subfield></datafield><datafield ind1="0" ind2="7" tag="785"><subfield code="t">Kingsville Sunday record</subfield><subfield code="w">(OCoLC)15102013</subfield></datafield><datafield ind1="0" ind2="7" tag="785"><subfield code="t">Kingsville-Bishop record-news</subfield><subfield code="w">(OCoLC)15102590</subfield></datafield><datafield ind1="1" ind2=" " tag="029"><subfield code="a">AU@</subfield><subfield code="b">000025786328</subfield></datafield></record>